<?xml version="1.0" encoding="UTF-8"?>
<Message xmlns="urn:tch" xmlns:head="urn:iso:std:iso:20022:tech:xsd:head.001.001.01" xmlns:ct="urn:iso:std:iso:20022:tech:xsd:pacs.008.001.08">
    <AppHdr>
        <head:Fr></head:Fr>
        <head:To></head:To>
        <head:BizMsgIdr></head:BizMsgIdr>
        <head:MsgDefIdr></head:MsgDefIdr>
        <head:CreDt>0001-01-01T00:00:00</head:CreDt>
    </AppHdr>
    <CreditTransfer>
        <ct:FIToFICstmrCdtTrf>
            <ct:GrpHdr>
                <ct:MsgId>M20210701000000032A1B00000008088224</ct:MsgId>
                <ct:CreDtTm>2021-07-01T10:51:00</ct:CreDtTm>
                <ct:NbOfTxs>1</ct:NbOfTxs>
                <ct:TtlIntrBkSttlmAmt Ccy="USD">10.00</ct:TtlIntrBkSttlmAmt>
                <ct:IntrBkSttlmDt>2021-07-01</ct:IntrBkSttlmDt>
                <ct:SttlmInf>
                    <ct:SttlmMtd>CLRG</ct:SttlmMtd>
                    <ct:ClrSys>
                        <ct:Cd>TCH</ct:Cd>
                    </ct:ClrSys>
                </ct:SttlmInf>
            </ct:GrpHdr>
            <ct:CdtTrfTxInf>
                <ct:PmtId>
                    <ct:InstrId>20210701000000032A1B000000000047075</ct:InstrId>
                    <ct:EndToEndId>MYREF123</ct:EndToEndId>
                    <ct:TxId>20210701000000032A1B000000000047075</ct:TxId>
                    <ct:ClrSysRef>002</ct:ClrSysRef>
                </ct:PmtId>
                <ct:PmtTpInf>
                    <ct:SvcLvl>
                        <ct:Cd>SDVA</ct:Cd>
                    </ct:SvcLvl>
                    <ct:LclInstrm>
                        <ct:Prtry>STANDARD</ct:Prtry>
                    </ct:LclInstrm>
                    <ct:CtgyPurp>
                        <ct:Prtry>BUSINESS</ct:Prtry>
                    </ct:CtgyPurp>
                </ct:PmtTpInf>
                <ct:IntrBkSttlmAmt Ccy="USD">10.00</ct:IntrBkSttlmAmt>
                <ct:ChrgBr>SLEV</ct:ChrgBr>
                <ct:InstgAgt>
                    <ct:FinInstnId>
                        <ct:ClrSysMmbId>
                            <ct:MmbId>000000032</ct:MmbId>
                        </ct:ClrSysMmbId>
                    </ct:FinInstnId>
                </ct:InstgAgt>
                <ct:InstdAgt>
                    <ct:FinInstnId>
                        <ct:ClrSysMmbId>
                            <ct:MmbId>000000010</ct:MmbId>
                        </ct:ClrSysMmbId>
                    </ct:FinInstnId>
                </ct:InstdAgt>
                <ct:InitgPty>
                    <ct:Nm>1234</ct:Nm>
                </ct:InitgPty>
                <ct:Dbtr>
                    <ct:Nm>000000032</ct:Nm>
                    <ct:PstlAdr>
                        <ct:StrtNm>Route</ct:StrtNm>
                        <ct:BldgNb>66</ct:BldgNb>
                        <ct:PstCd>123456</ct:PstCd>
                        <ct:TwnNm>LA</ct:TwnNm>
                        <ct:CtrySubDvsn>NY</ct:CtrySubDvsn>
                        <ct:Ctry>US</ct:Ctry>
                    </ct:PstlAdr>
                    <ct:Id>
                        <ct:PrvtId>
                            <ct:DtAndPlcOfBirth>
                                <ct:BirthDt>1980-12-06</ct:BirthDt>
                                <ct:CityOfBirth>NY</ct:CityOfBirth>
                                <ct:CtryOfBirth>US</ct:CtryOfBirth>
                            </ct:DtAndPlcOfBirth>
                        </ct:PrvtId>
                    </ct:Id>
                </ct:Dbtr>
                <ct:DbtrAcct>
                    <ct:Id>
                        <ct:Othr>
                            <ct:Id>88773702086235574</ct:Id>
                        </ct:Othr>
                    </ct:Id>
                </ct:DbtrAcct>
                <ct:DbtrAgt>
                    <ct:FinInstnId>
                        <ct:ClrSysMmbId>
                            <ct:MmbId>000000032</ct:MmbId>
                        </ct:ClrSysMmbId>
                    </ct:FinInstnId>
                </ct:DbtrAgt>
                <ct:CdtrAgt>
                    <ct:FinInstnId>
                        <ct:ClrSysMmbId>
                            <ct:MmbId>000000010</ct:MmbId>
                        </ct:ClrSysMmbId>
                    </ct:FinInstnId>
                </ct:CdtrAgt>
                <ct:Cdtr>
                    <ct:Nm>000000010</ct:Nm>
                    <ct:PstlAdr>
                        <ct:StrtNm>Mircea Voda</ct:StrtNm>
                        <ct:BldgNb>40</ct:BldgNb>
                        <ct:PstCd>030669</ct:PstCd>
                        <ct:TwnNm>Bucuresti</ct:TwnNm>
                        <ct:CtrySubDvsn>NY</ct:CtrySubDvsn>
                        <ct:Ctry>RO</ct:Ctry>
                    </ct:PstlAdr>
                    <ct:Id>
                        <ct:PrvtId>
                            <ct:DtAndPlcOfBirth>
                                <ct:BirthDt>1976-02-14</ct:BirthDt>
                                <ct:CityOfBirth>GL</ct:CityOfBirth>
                                <ct:CtryOfBirth>RO</ct:CtryOfBirth>
                            </ct:DtAndPlcOfBirth>
                        </ct:PrvtId>
                    </ct:Id>
                </ct:Cdtr>
                <ct:CdtrAcct>
                    <ct:Id>
                        <ct:Othr>
                            <ct:Id>42341169728762787</ct:Id>
                        </ct:Othr>
                    </ct:Id>
                </ct:CdtrAcct>
                <ct:RltdRmtInf>
                    <ct:RmtId>1234567890</ct:RmtId>
                    <ct:RmtLctnDtls>
                        <ct:Mtd>EMAL</ct:Mtd>
                        <ct:ElctrncAdr>address@company.com</ct:ElctrncAdr>
                    </ct:RmtLctnDtls>
                </ct:RltdRmtInf>
            </ct:CdtTrfTxInf>
        </ct:FIToFICstmrCdtTrf>
    </CreditTransfer>
</Message>
