<?xml version="1.0" encoding="UTF-8"?>
<Message xmlns="urn:tch" xmlns:head="urn:iso:std:iso:20022:tech:xsd:head.001.001.01" xmlns:c9="urn:iso:std:iso:20022:tech:xsd:pacs.009.001.08">
    <AppHdr>
        <head:Fr></head:Fr>
        <head:To></head:To>
        <head:BizMsgIdr></head:BizMsgIdr>
        <head:MsgDefIdr></head:MsgDefIdr>
        <head:CreDt>0001-01-01T00:00:00</head:CreDt>
    </AppHdr>
    <FICreditTransfer>
        <c9:FICdtTrf>
            <c9:GrpHdr>
                <c9:MsgId>M20230713234567891T1BOTS02083825666</c9:MsgId>
                <c9:CreDtTm>2023-07-13T15:29:36</c9:CreDtTm>
                <c9:NbOfTxs>1</c9:NbOfTxs>
                <c9:TtlIntrBkSttlmAmt Ccy="USD">46154.49</c9:TtlIntrBkSttlmAmt>
                <c9:IntrBkSttlmDt>2023-07-13</c9:IntrBkSttlmDt>
                <c9:SttlmInf>
                    <c9:SttlmMtd>CLRG</c9:SttlmMtd>
                    <c9:ClrSys>
                        <c9:Cd>TCH</c9:Cd>
                    </c9:ClrSys>
                </c9:SttlmInf>
            </c9:GrpHdr>
            <c9:CdtTrfTxInf>
                <c9:PmtId>
                    <c9:InstrId>20230713234567891T1BCXIA01868416991</c9:InstrId>
                    <c9:EndToEndId>EOTS</c9:EndToEndId>
                    <c9:TxId>20230713234567891T1BCXIA01868416991</c9:TxId>
                    <c9:ClrSysRef>001</c9:ClrSysRef>
                </c9:PmtId>
                <c9:PmtTpInf>
                    <c9:SvcLvl>
                        <c9:Cd>SDVA</c9:Cd>
                    </c9:SvcLvl>
                </c9:PmtTpInf>
                <c9:IntrBkSttlmAmt Ccy="USD">46154.49</c9:IntrBkSttlmAmt>
                <c9:InstgAgt>
                    <c9:FinInstnId>
                        <c9:ClrSysMmbId>
                            <c9:MmbId>234567891</c9:MmbId>
                        </c9:ClrSysMmbId>
                    </c9:FinInstnId>
                </c9:InstgAgt>
                <c9:InstdAgt>
                    <c9:FinInstnId>
                        <c9:ClrSysMmbId>
                            <c9:MmbId>000000010</c9:MmbId>
                        </c9:ClrSysMmbId>
                    </c9:FinInstnId>
                </c9:InstdAgt>
                <c9:Dbtr>
                    <c9:FinInstnId>
                        <c9:ClrSysMmbId>
                            <c9:MmbId>234567891</c9:MmbId>
                        </c9:ClrSysMmbId>
                    </c9:FinInstnId>
                </c9:Dbtr>
                <c9:DbtrAcct>
                    <c9:Id>
                        <c9:Othr>
                            <c9:Id>US88664715164441</c9:Id>
                        </c9:Othr>
                    </c9:Id>
                </c9:DbtrAcct>
                <c9:Cdtr>
                    <c9:FinInstnId>
                        <c9:ClrSysMmbId>
                            <c9:MmbId>000000010</c9:MmbId>
                        </c9:ClrSysMmbId>
                    </c9:FinInstnId>
                </c9:Cdtr>
                <c9:CdtrAcct>
                    <c9:Id>
                        <c9:Othr>
                            <c9:Id>42341169728762787</c9:Id>
                        </c9:Othr>
                    </c9:Id>
                </c9:CdtrAcct>
            </c9:CdtTrfTxInf>
        </c9:FICdtTrf>
    </FICreditTransfer>
</Message>
